@article{Lagarias82,
 author = {Lagarias, J. C.},
 title = {Best simultaneous {Diophantine} approximations. {I}: {Growth} rates of best approximation denominators},
 fjournal = {Transactions of the American Mathematical Society},
 journal = {Trans. Am. Math. Soc.},
 issn = {0002-9947},
 volume = {272},
 pages = {545--554},
 year = {1982},
 language = {English},
 doi = {10.2307/1998713},
 zbMATH = {3779427},
 Zbl = {0495.10021}
}